@book{national2005public,
  title={Public Water Supply Distribution Systems: Assessing and Reducing Risks--First Report},
  author={National Research Council and others},
  year={2005},
  publisher={National Academies Press}
}

@inproceedings{feldman2009aspects,
  title={Aspects of energy efficiency in water supply systems},
  author={Feldman, Mordecai},
  booktitle={Proceedings of the 5th IWA Water Loss Reduction Specialist Conference, South Africa},
  pages={85--89},
  year={2009}
}

@misc{appelbaum2002water,
  title={Water \& Sustainability (Volume 4): US Electricity Consumption for Water Supply \& Treatmentâ€”The Next Half Century},
  author={Appelbaum, B},
  year={2002},
  publisher={Report prepared by ICF Consulting for EPRI, Palo Alto, CA: p}
}


@misc{Watts_water,
  author    = {Watts},
  title     = {Water Pressure Regulators Frequently Asked Questions},
  note      = {Last visited 14-02-2017, \url{http://www.watts.com/pages/faq.asp?catId=64&faqId=7}},
 }

 @article{fallis2011guidelines,
  title={Guidelines for water loss reduction: A Focus on Pressure Management},
  author={Fallis, P and H{\"u}bschen, K and Oertl{\'e}, E and Ziegler, D and Klingel, P and Knobloch, A and Baader, J and Trujillo, R and Laures, C},
  journal={Eschborn: Deutsche Gesellschaft f{\"u}r Internationale Zusammenarbeit (GIZ) GmbH},
  year={2011}
}


@misc{Lenntech,
  author    = {Lenntech},
  title     = {Why oxygen dissolved in water is important},
  note      = {Last visited 14-02-2017, \url{http://www.lenntech.com/why_the_oxygen_dissolved_is_important.htm}},
 }



@misc{DO,
  author    = {Sheila Murphy},
  title     = {General Information on Dissolved Oxygen},
  note      = {Last visited 14-02-2017, \url{http://bcn.boulder.co.us/basin/data/NEW/info/DO.html}},
 }