%%%%%%%%%%%%%%%%%%%%%%%%%%%%%%%%%%%%%%%%%%%%%%%%%%%%%%%%%%%%%%%%%%%%%%%
%                                                                     %
% The reference under this line is those we are sure on how to ref to %
%                                                                     %
%%%%%%%%%%%%%%%%%%%%%%%%%%%%%%%%%%%%%%%%%%%%%%%%%%%%%%%%%%%%%%%%%%%%%%%
@online{million_packets,
  title = {How to receive a million packets per second},
  author = {Marek Majkowski},
  howpublished = {\url{https://blog.cloudflare.com/how-to-receive-a-million-packets/}},
  year = {2015}
}

@book{spong2008robot,
  title={Robot dynamics and control},
  author={Spong, Mark W and Vidyasagar, Mathukumalli},
  year={2008},
  publisher={John Wiley \& Sons}
}

@article{speich2005modeling,
  title={Modeling the human hand as it interacts with a telemanipulation system},
  author={Speich, John E and Shao, Liang and Goldfarb, Michael},
  journal={Mechatronics},
  volume={15},
  number={9},
  pages={1127--1142},
  year={2005},
  publisher={Elsevier}
}

@inproceedings{lawrence1992stability,
  title={Stability and transparency in bilateral teleoperation},
  author={Lawrence, Dale A},
  booktitle={Decision and Control, 1992., Proceedings of the 31st IEEE Conference on},
  pages={2649--2655},
  year={1992},
  organization={IEEE}
}


@inproceedings{tsuji1994spatial,
  title={Spatial characteristics of human hand impedance in multi-joint arm movements},
  author={Tsuji, Toshio and Goto, Kazuhiro and Moritani, Masamitsu and Kaneko, Makoto and Morasso, Pietro},
  booktitle={Intelligent Robots and Systems' 94.'Advanced Robotic Systems and the Real World', IROS'94. Proceedings of the IEEE/RSJ/GI International Conference on},
  volume={1},
  pages={423--430},
  year={1994},
  organization={IEEE}
}


  @inproceedings{Chris_Surgical,
  title={Instrumentation of the da Vinci Robotic Surgical System},
  author={Hansen, Karl Damkj{\ae}r and Jensen, Simon and Sloth, Christoffer and Wisniewski, Rafal},
  booktitle={3rd Aau Workshop on Robotics},
  year={2015},
  organization={Aalborg Universitetsforlag},
  pages = {15-18}
}


  @article{JSON_IETF,
    author ={T. Bray, Ed.},
    title ={The JavaScript Object Notation (JSON) Data Interchange Format},
    howpublished={\url{https://www.rfc-editor.org/info/rfc7159}},
    year ={2014},
    journal = {RFC 7159, Google, Inc.}
  }

  @article{TCP_IETF,
    howpublished ={https://www.ietf.org/rfc/rfc793.txt},
    title = {Transmission Control Protocol - DARPA Internet Program},
    journal = {RFC 791, USC/Information Sciences Institute},
    year = {1981},
    author = {Jon Postel}

  }

    @misc{ENet,
    author ={Lee Salzman},
    title ={Reliable UDP networking library},
    howpublished={\url{https://github.com/lsalzman/enet}},
    year ={2012},
    note ={Accessed: 09-11-2016}
  }

  @online{phantom_omni_github,
  author = {Dane Powell},
  title = {ROS Node for Sensable Phantom Omni devices},
  year = {2013},
  note = {Accessed: 20-09-2016},
  howpublished={\url{https://github.com/danepowell/phantom_omni}}
  }

  @misc{ESCON_motor_controller,
    title ={ESCON Module 50/5, 4-Q Servocontroller for DC/EC motors, 5/15 A, 10 - 50 VDC},
    howpublished={\url{http://www.maxonmotor.com/maxon/view/product/control/4-Q-Servokontroller/438725}},
    note ={Accessed: 09-11-2016}
  }
  

@article{coles2011role,
  title={The role of haptics in medical training simulators: a survey of the state of the art},
  author={Coles, Timothy R and Meglan, Dwight and John, Nigel W},
  journal={IEEE Transactions on Haptics},
  volume={4},
  number={1},
  pages={51--66},
  year={2011},
  publisher={IEEE}
  }


  @article{simple_compression,
  author = {F. Marcelloni, M. Vecchio},
  title = {A simple algorithm for data compression in wireless sensor networks},
  year = {2008},
  journal = {IEEE Commun. Lett.},
  pages = {411--413},
  volume = {12},
  number = {6}

  }

  @article{fast_ZIV,
  author = {Williams N. Ross},
  title = {An Extremely Fast ZIV-Lempel Data Compression Algorithm}, 
  journal = {Proceedings of Data Compression Conference},
  pages = {362--371},
  year = {1991}
  }


  @book{force_reflection,
    title = {Force Reflection for Telemanipulation - applied to Minimally Invasive Surgery},
    howpublished = {\url{http://repository.tudelft.nl/islandora/object/uuid:5223046c-9998-4e1d-94f3-dd07e2714ca9?collection=research}},
    year = "1999",
    note = {PhD Thesis},
    author = {Mark Lazeroms}
  }

Pages 61-73 of Lazeroms, M.C.J., Force Reflection for Telemanipulation - applied to Minimally Invasive Surgery, PhD Thesis, 1999. http://repository.tudelft.nl/islandora/object/uuid:5223046c-9998-4e1d-94f3-dd07e2714ca9?collection=research


@book{burdea1996force,
  title={Force and touch feedback for virtual reality},
  author={Burdea, Grigore C and Brooks, Frederick P},
  year={1996},
  publisher={Wiley New York}
}


@inproceedings{booth2003influence,
  title={The influence of changing haptic refresh-rate on subjective user experiences-lessons for effective touch-based applications},
  author={Booth, Stuart and Angelis, FD and Schmidt-Tjarksen, Thore},
  booktitle={Proceedings of eurohaptics},
  pages={374--383},
  year={2003}
}


%%%%%%%%%%%%%%%%%%%%%%%%%%%%%%%%%%%%%%%%%%%%%%%%%%%%%%%%%%%%%%%%%%%%%%%%%%%
%                                                                         %
% The reference under this line is those we are not sure on how to ref to %
%                                                                         %
%%%%%%%%%%%%%%%%%%%%%%%%%%%%%%%%%%%%%%%%%%%%%%%%%%%%%%%%%%%%%%%%%%%%%%%%%%%

    @online{sbRIO9636Pic,
    author ={Measurementest},
    title ={National Instruments Introduces NI Single-Board RIO Embedded Devices With Multifunction I/O for Custom Application Development},
    howpublished={\url{http://www.measurementest.com/2012/03/national-instruments-introduces-ni.html}},
    year ={2012},
    note ={Accessed: 16-11-2016}
  }

      @online{cisco_jitter,
    author ={Cisco},
    title ={Understanding Jitter in Packet Voice Networks (Cisco IOS Platforms)},
    howpublished={\url{http://www.cisco.com/c/en/us/support/docs/voice/voice-quality/18902-jitter-packet-voice.pdf}},
    note ={Document ID: 18902, Accessed: 16-12-2016}
  }
  
    @article{cascade_cont,
    	author = {Anagha, Ranjith K., Anand C.P., Rahul Das, Anusha A.S.},
    	title = {Cascade speed control of DC motor},
    journal = {International Journal of Electrical, Electronics and Data Communication},
    year = {2014}
    }


    @misc{TCP_IP_UDP,
    author ={Wikibooks},
    title ={Communication Networks/TCP and UDP Protocols},
    howpublished={\url{https://en.wikibooks.org/wiki/Communication_Networks/TCP_and_UDP_Protocols}},
    note ={Accessed: 22-11-2016}
    }


%%%%%%%%%%%%%%%%%%%%%%%%%% Identical
    @misc{Wiki_ros_concepts, 
    author ={Robotic operating system},
    title ={ROS/ Concepts},
    howpublished={\url{http://wiki.ros.org/ROS/Concepts}},
    note ={Accessed: 13-11-2016}
    }
        @misc{Wiki_ros,
    author ={Robotic operating system},
    title ={ROS/ Introduction},
    howpublished={\url{http://wiki.ros.org/ROS/Introduction}},
    note ={Accessed: 13-11-2016}
    }
%%%%%%%%%%%%%%%%%%%%%%%%%%


      @misc{OpenHaptic,
    author ={3D Systems},
    title ={OpenHaptic Toolkit},
    howpublished={\url{http://www.geomagic.com/files/8014/3932/7904/OpenHaptics_ProgGuide.pdf}},
    note ={Accessed: 11-11-2016}
    }

      @misc{davinci_driver,
    author ={Karl Damkjær Hansen},
    title ={davinci driver},
    howpublished={\url{https://github.com/AalborgUniversity-RoboticSurgeryGroup/davinci_driver}},
    year = "May 2014",
    note ={Accessed: 9-10-2016}
    }


      @manual{motor_encoder,
    organization ={Maxon Motor},
    title ={Encoder MR, Typ M, 512 CPT, 2 Channels, with Line Driver},
    howpublished={\url{http://www.maxonmotor.com/maxon/view/product/sensor/encoder/Encoder-MR-TypM-128-512imp-2-3Kanal/201937}},
    note ={Downloadet: 04-11-2016},
    year= "May 2016"
    }


      @manual{motor_gear,
    organization ={Maxon Motor},
    title ={Planetary Gearhead GP 22 B Ø22 mm, 0.1 - 0.3 Nm, Sleeve Bearing},
    howpublished={\url{http://www.maxonmotor.com/maxon/view/product/gear/planetary/gp22/110356?etcc_cu=onsite&etcc_med=Header%20Suche&etcc_cmp=mit%20Ergebnis&etcc_ctv=Layer&query=110356}},
    note ={Downloadet: 04-11-2016},
    year= "April 2016"

    }


      @manual{motor_motor,
    organization ={Maxon Motor},
    title ={A-max 22 Ø22 mm, Graphite Brushes, 6 Watt, with terminals},
    howpublished={\url{http://www.maxonmotor.com/maxon/view/product/motor/dcmotor/amax/amax22/110160?etcc_cu=onsite&etcc_med=Header%20Suche&etcc_cmp=mit%20Ergebnis&etcc_ctv=Layer&query=110160}},
    note = {Downloadet: 04-11-2016},
    year= "April 2016"
    }




      @manual{daVinciSurgery,
    organization ={da Vinci surgery},
    title ={The da Vinci surgical system},
    howpublished={\url{http://www.davincisurgery.com/da-vinci-general-surgery/da-vinci-surgical-system/}},
    note = {Downloadet: 05-12-2016},
    year= "November 2015"
    }



      @misc{Git_HX711,
    author ={Bogde},
    title ={HX711},
    howpublished={\url{https://github.com/bogde/HX711}},
    year ={2016},
    note ={Accessed: 18-12-2016}
  }


      @misc{UDT,
    author ={lilyco},
    title ={A UDP-based Reliable Data Transfer Library},
    howpublished={\url{http://www.codeproject.com/Articles/11046/A-UDP-based-Reliable-Data-Transfer-Library}},
    year ={2006},
    note ={Accessed: 09-11-2016}
  }

    @misc{Load_cell_1kg,
    author = {Arduinotech},
    title ={Weight measure 1 kg},
    howpublished={\url{https://arduinotech.dk/shop/vaegt-foeler-1kg/}},
    note ={Downloadet: 29-11-2016}
  }
http://image.dfrobot.com/image/data/SEN0160/hx711_english.pdf

    @manual{HX711,
    organization = {Avia Semiconductor},
    title ={HX711, 24-Bit Analog-to-Digital Converter (ADC) for Weigh Scales},
    howpublished={\url{http://image.dfrobot.com/image/data/SEN0160/hx711_english.pdf}},
    note ={Downloadet: 29-11-2016}
  }
  
  
  @article{lack_fb,
  title={Application of haptic feedback to robotic surgery},
  author={Bethea, Brian T and Okamura, Allison M and Kitagawa, Masaya and Fitton, Torin P and Cattaneo, Stephen M and Gott, Vincent L and Baumgartner, William A and Yuh, David D},
  journal={Journal of Laparoendoscopic \& Advanced Surgical Techniques},
  volume={14},
  number={3},
  pages={191--195},
  year={2004},
  publisher={Mary Ann Liebert, Inc.}
}

  
    @misc{rec_time,
    title ={Bladder Cancer Surgery - Robotic Cystectomy},
    howpublished={\url{http://www.roboticoncology.com/laparoscopic-cystectomy/}},
    author = {{Lenox Hill Hospital}},
    note ={Accessed: 12-12-2016}
  }
  
  @misc{gt_spec,
  title={Geomagic® Touch™ Haptic Device Specifications},
  howpublished={\url{http://www.geomagic.com/en/products/phantom-omni/specifications/}},
  note ={Accessed: 12-12-2016}
  }
  
  @manual{catalog_davinci,
  	organization = {Intuitive Surgery},
  	year = {2014},
  	title = {EndoWrist/Single-Site Instrument \& Accessory Catalog},
  	howpublished = {\url{http://www.intuitivesurgical.com/products/871145_Instrument_Accessory_%20Catalog.pdf}}
  }

      @misc{4th_indust,
      	author ={Klaus Schwab},
      	title ={The Fourth Industrial Revolution: what it means, how to respond},
      	howpublished={\url{https://www.weforum.org/agenda/2016/01/the-fourth-industrial-revolution-what-it-means-and-how-to-respond}},
      	note ={Accessed: 15-12-2016}
      }
@article{van1994n4sid,
  title={N4SID: Subspace algorithms for the identification of combined deterministic-stochastic systems},
  author={Van Overschee, Peter and De Moor, Bart},
  journal={Automatica},
  volume={30},
  number={1},
  pages={75--93},
  year={1994},
  publisher={Elsevier}
}

@article{jones1986perception,
  title={Perception of force and weight: theory and research.},
  author={Jones, Lynette A},
  journal={Psychological bulletin},
  volume={100},
  number={1},
  pages={29},
  year={1986},
  publisher={American Psychological Association}
}

@book{van2012subspace,
  title={Subspace identification for linear systems: Theory—Implementation—Applications},
  author={Van Overschee, Peter and De Moor, BL},
  year={2012},
  publisher={Springer Science \& Business Media}
}

@article{kim2014dynamic,
  title={Dynamic modeling of coupled tendon-driven system for surgical robot instrument},
  author={Kim, Chi Yen and Lee, Min Cheol and Wicker, Ryan Blaine and Yoon, Sung-Min},
  journal={International Journal of Precision Engineering and Manufacturing},
  volume={15},
  number={10},
  pages={2077--2084},
  year={2014},
  publisher={Springer}
}



@article{zhu2002estimation,
  title={Estimation of an N--L--N Hammerstein--Wiener model},
  author={Zhu, Yucai},
  journal={Automatica},
  volume={38},
  number={9},
  pages={1607--1614},
  year={2002},
  publisher={Elsevier}
}

@article{brown1997introduction,
  title={Introduction to random signals and applied Kalman filtering: with MATLAB exercises and solutions},
  author={Brown, Robert Grover and Hwang, Patrick YC},
  journal={Introduction to random signals and applied Kalman filtering: with MATLAB exercises and solutions, by Brown, Robert Grover.; Hwang, Patrick YC New York: Wiley, c1997.},
  volume={1},
  year={1997}
}

@book{friedland2012control,
  title={Control system design: an introduction to state-space methods},
  author={Friedland, Bernard},
  year={2012},
  publisher={Courier Corporation}
}

@book{van1992computational,
  title={Computational frameworks for the fast Fourier transform},
  author={Van Loan, Charles},
  volume={10},
  year={1992},
  publisher={Siam}
}

@inproceedings{yue2004state,
  title={State feedback controller design of networked control systems},
  author={Yue, Dong and Han, Qing-Long and Peng, Chen},
  booktitle={Control Applications, 2004. Proceedings of the 2004 IEEE International Conference on},
  volume={1},
  pages={242--247},
  year={2004},
  organization={IEEE}
}

@article{gawronski1990model,
  title={Model reduction in limited time and frequency intervals},
  author={Gawronski, Wodek and Juang, Jer-Nan},
  journal={International Journal of Systems Science},
  volume={21},
  number={2},
  pages={349--376},
  year={1990},
  publisher={Taylor \& Francis}
}
